<record><leader>00000cas a22000007a 4500</leader><controlfield tag="001">22996329</controlfield><controlfield tag="008">910122d19521973mauwr ne      0    0eng d</controlfield><datafield ind1=" " ind2=" " tag="010"><subfield code="a">sn 89063452 </subfield></datafield><datafield ind1=" " ind2=" " tag="040"><subfield code="a">MGN</subfield><subfield code="b">eng</subfield><subfield code="c">MGN</subfield><subfield code="d">OCLCQ</subfield></datafield><datafield ind1=" " ind2=" " tag="042"><subfield code="a">msc</subfield></datafield><datafield ind1="0" ind2="4" tag="245"><subfield code="a">The Westwood press.</subfield></datafield><datafield ind1=" " ind2=" " tag="260"><subfield code="a">Westwood, Mass. :</subfield><subfield code="b">Norwood Messenger, Inc.</subfield></datafield><datafield ind1=" " ind2=" " tag="300"><subfield code="a">v.</subfield></datafield><datafield ind1=" " ind2=" " tag="310"><subfield code="a">Weekly</subfield></datafield><datafield ind1="0" ind2=" " tag="362"><subfield code="a">Vol. 1, no. 4 (Apr. 24, 1952)-v. 24, no. 44 (Oct. 31, 1973).</subfield></datafield><datafield ind1=" " ind2=" " tag="580"><subfield code="a">Merged with: Dedham transcript, and: Needham chronicle (Needham, Mass. : 1907), and: Norwood messenger (Norwood, Mass. : 1947), to form: Daily transcript (Dedham, Mass. : 1973).</subfield></datafield><datafield ind1=" " ind2=" " tag="752"><subfield code="a">United States</subfield><subfield code="b">Massachusetts</subfield><subfield code="c">Norfolk</subfield><subfield code="d">Westwood.</subfield></datafield><datafield ind1="0" ind2="0" tag="780"><subfield code="t">Westwood free press</subfield><subfield code="w">(DLC)sn 89063451</subfield></datafield><datafield ind1="1" ind2="7" tag="785"><subfield code="t">Dedham transcript</subfield><subfield code="w">(DLC)sn 83020163</subfield></datafield><datafield ind1="1" ind2="7" tag="785"><subfield code="t">Needham chronicle (Needham, Mass. : 1907)</subfield><subfield code="w">(DLC)sn 89063304</subfield></datafield><datafield ind1="1" ind2="7" tag="785"><subfield code="t">Norwood messenger (Norwood, Mass. : 1947)</subfield><subfield code="w">(DLC)sn 89063369</subfield></datafield><datafield ind1="1" ind2="7" tag="785"><subfield code="t">Daily transcript (Dedham, Mass. : 1973)</subfield><subfield code="w">(DLC)sn 89062079</subfield></datafield></record>